% This file was created with JabRef 2.6.
% Encoding: UTF-8


@ARTICLE{rabiner:1991,
  author = {B. H. Juang and L. R. Rabiner},
  title = {Hidden {M}arkov {M}odels for speech recognition},
  journal = {Technometrics},
  year = {1991},
  volume = {33},
  pages = {251--272},
  number = {3}
}

@BOOK{rabiner:1993,
  title = {Fundamentals of Speech Recognition},
  publisher = {Prentice-Hall},
  year = {1993},
  author = {L. Rabiner and B-H. Juang},
  key = {speech}
}

@BOOK{rabiner:1978,
  title = {Digital Processing of Speech Signals},
  publisher = {Prentice-Hall},
  year = {1978},
  author = {L. Rabiner and R. W. Schafer},
  address = {Englewood Cliffs, NJ}
}

@ARTICLE{rabiner:1989,
  author = {Lawrence R. Rabiner},
  title = {A Tutorial on Hidden {M}arkov Models and Selected Applications in
	Speech Recognition},
  journal = {Proceedings of the IEEE},
  year = {1989},
  volume = {77},
  pages = {257--286},
  number = {2}
}

@ARTICLE{rabiner:1986,
  author = {L. R. Rabiner and B. H. Juang},
  title = {An Introduction to Hidden Markov Models},
  journal = {ASSP Magazine},
  year = {1986},
  pages = {4--16},
  month = jan,
  keywords = {speech | pattern recognition | markov models},
  ref = {Z27}
}

@ARTICLE{rabiner:1985,
  author = {L. R. Rabiner and S. E. Levinson},
  title = {A Speaker-Independent, Syntax-Directed, Connectedd Word Recognition
	System Based on Hidden {M}arkov Models and Level Building},
  journal = {ieeeassp},
  year = {Jun., 1985},
  volume = {33},
  pages = {561--573},
  number = {3}
}

