@article{REINHARD2001, 
    author={E. {Reinhard} and M. {Adhikhmin} and B. {Gooch} and P. {Shirley}}, 
    journal={IEEE Computer Graphics and Applications}, 
    title={Color transfer between images}, 
    year={2001}, 
    volume={21}, 
    number={5}, 
    pages={34-41}, 
    doi={10.1109/38.946629}, 
    ISSN={0272-1716}, 
    month={July}
}

@article{YASSIN2018,
  title={Machine learning techniques for breast cancer computer aided diagnosis using different image modalities: A systematic review},
  author={Yassin, Nisreen IR and Omran, Shaimaa and El Houby, Enas MF and Allam, Hemat},
  journal={Computer methods and programs in biomedicine},
  volume={156},
  pages={25--45},
  year={2018},
  publisher={Elsevier}
}

@article{JELEN2016,
  title={Influence of feature set reduction on breast cancer malignancy classification of fine needle aspiration biopsies},
  author={Jele{\'n}, {\L}ukasz and Krzy{\.z}ak, Adam and Fevens, Thomas and Jele{\'n}, Micha{\l}},
  journal={Computers in biology and medicine},
  volume={79},
  pages={80--91},
  year={2016},
  publisher={Elsevier}
}

@article{SEDIK2020,
  title={Deploying machine and deep learning models for efficient data-augmented detection of COVID-19 infections},
  author={Sedik, Ahmed and Iliyasu, Abdullah M and El-Rahiem, Abd and Abdel Samea, Mohammed E and Abdel-Raheem, Asmaa and Hammad, Mohamed and Peng, Jialiang and El-Samie, Abd and Fathi, E and El-Latif, Ahmed A Abd and others},
  journal={Viruses},
  volume={12},
  number={7},
  pages={769},
  year={2020},
  publisher={Multidisciplinary Digital Publishing Institute}
}

@article{ALGHAMDI2020,
  title={Detection of myocardial infarction based on novel deep transfer learning methods for urban healthcare in smart cities},
  author={Alghamdi, Ahmed and Hammad, Mohamed and Ugail, Hassan and Abdel-Raheem, Asmaa and Muhammad, Khan and Khalifa, Hany S and Abd El-Latif, Ahmed A},
  journal={Multimedia tools and applications},
  pages={1--22},
  year={2020},
  publisher={Springer}
}

@article{ZHOU2020,
  title={A Comprehensive Review for Breast Histopathology Image Analysis Using Classical and Deep Neural Networks},
  author={Zhou, Xiaomin and Li, Chen and Rahaman, Md Mamunur and Yao, Yudong and Ai, Shiliang and Sun, Changhao and Wang, Qian and Zhang, Yong and Li, Mo and Li, Xiaoyan and others},
  journal={IEEE Access},
  volume={8},
  pages={90931--90956},
  year={2020},
  publisher={IEEE}
}

@INPROCEEDINGS{MACENKO2009,
  author={M. {Macenko} and M. {Niethammer} and J. S. {Marron} and D. {Borland} and J. T. {Woosley} and  {Xiaojun Guan} and C. {Schmitt} and N. E. {Thomas}},
  booktitle={2009 IEEE International Symposium on Biomedical Imaging: From Nano to Macro}, 
  title={A method for normalizing histology slides for quantitative analysis}, 
  year={2009},
  pages={1107-1110},
}

@article{ROUX2013,
  title={Mitosis detection in breast cancer histological images An ICPR 2012 contest},
  author={Roux, Ludovic and Racoceanu, Daniel and Lom{\'e}nie, Nicolas and Kulikova, Maria and Irshad, Humayun and Klossa, Jacques and Capron, Fr{\'e}d{\'e}rique and Genestie, Catherine and Le Naour, Gilles and Gurcan, Metin N},
  journal={Journal of pathology informatics},
  volume={4},
  year={2013},
  publisher={Wolters Kluwer--Medknow Publications}
}

@article{JOTHI2017,
author="J. Angel Arul Jothi  and  V. Mary Anita Rajam",
title="A survey on automated cancer diagnosis from histopathology images",
journal="Artificial Intelligence Review",
year="2017",
month="Jun",
day="01",
volume="48",
number="1",
pages="31--81",
doi="10.1007/s10462-016-9494-6",
}

@misc{WHO2019A,
    title           = {Cancer},
    author          = {{World Health Organization}},
    year            = {2019},
    url             = {https://www.who.int/health-topics/cancer\#tab=tab\_1},
    lastchecked     = {25 set. 2019}
}

@ARTICLE{SPANHOL2016a,
    author={F. A. {Spanhol} and L. S. {Oliveira} and C. {Petitjean} and L. {Heutte}},
    journal={IEEE Transactions on Biomedical Engineering},
    title={A Dataset for Breast Cancer Histopathological Image Classification},
    year={2016},
    volume={63},
    number={7},
    pages={1455-1462},
    doi={10.1109/TBME.2015.2496264},
    month={July},
}

@article{ARAUJO2017,
    author = {Araujo, Teresa and others},
    journal = {PLOS ONE},
    publisher = {Public Library of Science},
    title = {Classification of breast cancer histology images using Convolutional Neural Networks},
    year = {2017},
    month = {06},
    volume = {12},
    pages = {1-14},
    number = {6},
}

@article{BEJNORDI2017a,
    author = {Ehteshami Bejnordi, Babak and Veta, Mitko and Johannes van Diest, Paul and van Ginneken, Bram and Karssemeijer, Nico and Litjens, Geert and van der Laak, Jeroen A. W. M. and and the CAMELYON16 Consortium},
    title = {Diagnostic Assessment of Deep Learning Algorithms for Detection of Lymph Node Metastases in Women With Breast Cancer},
    journal = {JAMA},
    volume = {318},
    number = {22},
    pages = {2199-2210},
    year = {2017},
    month = {12},
    issn = {0098-7484},
    doi = {10.1001/jama.2017.14585},
}

@MISC{MITOS2014,
    author = {Roux, L and Racoceanu, D and Capron, F and Calvo, J and Attieh, E and others},
    title = {MITOS-ATYPIA-14},
    year = {2014},
    url = {https://mitos-atypia-14.grand-challenge.org/Dataset/}
}

@article{ARESTA2019,
title = "BACH: Grand challenge on breast cancer histology images",
journal = "Medical Image Analysis",
volume = "56",
pages = "122 - 139",
year = "2019",
issn = "1361-8415",
doi = "https://doi.org/10.1016/j.media.2019.05.010",
author = "Guilherme Aresta and others",
}

@MISC{TCGA2019,
    author = {{National Cancer Institute}},
    title = {Outcomes \& Impact of The Cancer Genome Atlas},
    year = {2019},
    url = {https://www.cancer.gov/about-nci/organization/ccg/research/structural-genomics/tcga/history}
}

@article{VETA2019,
title = "Predicting breast tumor proliferation from whole-slide images: The TUPAC16 challenge",
journal = "Medical Image Analysis",
volume = "54",
pages = "111 - 121",
year = "2019",
issn = "1361-8415",
doi = "https://doi.org/10.1016/j.media.2019.02.012",
author = "Mitko Veta and others",
}

@inproceedings{GELASCA2008,
  title={Evaluation and benchmark for biological image segmentation},
  author={Gelasca, Elisa Drelie and Byun, Jiyun and Obara, Boguslaw and Manjunath, BS},
  booktitle={2008 15th IEEE International Conference on Image Processing},
  pages={1816--1819},
  year={2008},
  organization={IEEE}
}

@article{BRAY2018,
    author = {Bray, Freddie and others},
    title = {Global cancer statistics 2018: GLOBOCAN estimates of incidence and mortality worldwide for 36 cancers in 185 countries},
    journal = {CA: A Cancer Journal for Clinicians},
    year = {2018},
    keywords = {cancer, epidemiology, incidence, survival},
    doi = {10.3322/caac.21492},
}

@MISC{KITCHENHAM2007,
    author = {B. Kitchenham and S Charters},
    title = {Guidelines for performing Systematic Literature Reviews in Software Engineering},
    year = {2007}
}

@article{MONTENEGRO2019,
    title = "Survey of conversational agents in health",
    journal = "Expert Systems with Applications",
    volume = "129",
    pages = "56 - 67",
    year = "2019",
    doi = "https://doi.org/10.1016/j.eswa.2019.03.054",
    author = "Joao Luis Zeni Montenegro and Cristiano André da Costa and Rodrigo da Rosa Righi",
}

@article{ROEHRS2017,
    author = {Roehrs, Alex and {Da Costa}, Cristiano Andr{\'{e}} and {Da Rosa Righi}, Rodrigo and {De Oliveira}, Kleinner Silva Farias},
    doi = {10.2196/jmir.5876},
    journal = {Journal of Medical Internet Research},
    month = {jan},
    number = {1},
    pages = {e13},
    title = {{Personal health records: A systematic literature review}},
    volume = {19},
    year = {2017}
}

@Article{GUBERT2019,
    author="Gubert, Luis Claudio and da Costa, Cristiano Andr{\'e} and Righi, Rodrigo da Rosa ",
    title="Context awareness in healthcare: a systematic literature review",
    journal="Universal Access in the Information Society",
    year="2019",
    doi="10.1007/s10209-019-00664-z",
}

@article{DINIZ2018,
    author = {Bandeira Diniz and others},
    doi = {10.1016/j.cmpb.2018.01.007},
    journal = {Computer Methods and Programs in Biomedicine},
    month = {mar},
    pages = {191--207},
    pmid = {29428071},
    title = {{Detection of mass regions in mammograms by bilateral analysis adapted to breast density using similarity indexes and convolutional neural networks}},
    volume = {156},
    year = {2018}
}

@ARTICLE{VETA2014, 
    author={M. {Veta} and J. P. W. {Pluim} and P. J. {van Diest} and M. A. {Viergever}}, 
    journal={IEEE Transactions on Biomedical Engineering}, 
    title={Breast Cancer Histopathology Image Analysis: A Review}, 
    year={2014}, 
    volume={61}, 
    number={5}, 
    pages={1400-1411}, 
    doi={10.1109/TBME.2014.2303852},
    month={May},
}

@incollection{JIMENEZ2017,
title = "Chapter 10 - Analysis of Histopathology Images: From Traditional Machine Learning to Deep Learning",
editor = "Adrien Depeursinge and Omar S. Al-Kadi and J.Ross Mitchell",
booktitle = "Biomedical Texture Analysis",
publisher = "Academic Press",
pages = "281 -- 314",
year = "2017",
doi = "https://doi.org/10.1016/B978-0-12-812133-7.00010-7",
author = "Oscar Jimenez-del-Toro and others",
}

@article{PEDRO2019,
title = {Is mass classification in mammograms a solved problem? - A critical review over the last 20 years},
journal = {Expert Systems with Applications},
volume = {119},
pages = {90 - 103},
year = {2019},
doi = {https://doi.org/10.1016/j.eswa.2018.10.032},
author = {Ricardo Wandré Dias Pedro and Ariane Machado-Lima and Fátima L.S. Nunes},
}


@article{KHAN2014,
    author = {Khan, Adnan Mujahid and Rajpoot, Nasir and Treanor, Darren and Magee, Derek},
    doi = {10.1109/TBME.2014.2303294},
    journal = {IEEE Transactions on Biomedical Engineering},
    number = {6},
    pages = {1729--1738},
    title = {{A nonlinear mapping approach to stain normalization in digital histopathology images using image-specific color deconvolution}},
    volume = {61},
    year = {2014}
}

@article{COVER2018,
title = "Computational methods for corpus callosum segmentation on MRI: A systematic literature review",
journal = "Computer Methods and Programs in Biomedicine",
volume = "154",
pages = "25 - 35",
year = "2018",
issn = "0169-2607",
doi = "https://doi.org/10.1016/j.cmpb.2017.10.025",
author = "G.S. Cover and W.G. Herrera and M.P. Bento and S. Appenzeller and L. Rittner",
}

@article{ARJI2019,
title = "A systematic literature review and classification of knowledge discovery in traditional medicine",
journal = "Computer Methods and Programs in Biomedicine",
volume = "168",
pages = "39 - 57",
year = "2019",
issn = "0169-2607",
doi = "https://doi.org/10.1016/j.cmpb.2018.10.017",
url = "http://www.sciencedirect.com/science/article/pii/S0169260718312859",
author = "Goli Arji and Reza Safdari and Hossein Rezaeizadeh and Alireza Abbassian and Mehrshad Mokhtaran and Mohammad [Hossein Ayati]",
}

@book{HOFF2012,
  title={Tratado De Oncologia},
  author={Hoff, Paulo Marcelo Gehm and Chapman, Roger and Novis, Yana and Odoni Filho, Vicente },
  isbn={9788538803126},
  year={2012},
  publisher={EDITORA ATHENEU}
}

@article{JELEN2009,
    author = {Jelen, Lukasz and Fevens, Thomas and Krzyzak, Adam},
    doi = {10.1117/12.811733},
    journal = {Medical Imaging 2009: Computer-Aided Diagnosis},
    pages = {726014},
    title = {{Influence of nuclei segmentation on breast cancer malignancy classification}},
    volume = {7260},
    year = {2009}
}

@article{DUNDAR2011,
    author = {Dundar, M. Murat and Badve, Sunil and Bilgin, Gokhan and Raykar, Vikas and Jain, Rohit and Sertel, Olcay and Gurcan, Metin N.},
    doi = {10.1109/TBME.2011.2110648},
    journal = {IEEE Transactions on Biomedical Engineering},
    month = {jul},
    number = {7},
    pages = {1977--1984},
    title = {{Computerized classification of intraductal breast lesions using histopathological images}},
    volume = {58},
    year = {2011}
}

@article{ISSACNIWAS2012,
    author = {{Issac Niwas}, S. and Palanisamy, P. and Chibbar, Rajni and Zhang, W. J.},
    doi = {10.1007/s10916-011-9788-9},
    journal = {Journal of Medical Systems},
    month = {oct},
    number = {5},
    pages = {3091--3102},
    title = {{An expert support system for breast cancer diagnosis using color wavelet features}},
    volume = {36},
    year = {2012}
}

@article{LOUKAS2013,
    author = {Loukas, C. and Kostopoulos, S. and Tanoglidi, A. and Glotsos, D. and Sfikas, C. and Cavouras, D.},
    doi = {10.1155/2013/829461},
    journal = {Computational and Mathematical Methods in Medicine},
    pages = {1--7},
    title = {{Breast Cancer Characterization Based on Image Classification of Tissue Sections Visualized under Low Magnification}},
    volume = {2013},
    year = {2013}
}

@article{CRUZROA2014,
    author = {Cruz-Roa, Angel and Basavanhally, Ajay and Gonz{\'{a}}lez, Fabio and Gilmore, Hannah and Feldman, Michael and Ganesan, Shridar and Shih, Natalie and Tomaszewski, John and Madabhushi, Anant},
    doi = {10.1117/12.2043872},
    journal = {Medical Imaging 2014: Digital Pathology},
    pages = {904103},
    title = {{Automatic detection of invasive ductal carcinoma in whole slide images with convolutional neural networks}},
    volume = {9041},
    year = {2014}
}

@article{WANG2014,
    author = {Wang, Haibo and Cruz-Roa, Angel and Basavanhally, Ajay and Gilmore, Hannah and Shih, Natalie and Feldman, Mike and Tomaszewski, John and Gonzalez, Fabio and Madabhushi, Anant},
    doi = {10.1117/1.jmi.1.3.034003},
    journal = {Journal of Medical Imaging},
    month = {oct},
    number = {3},
    pages = {034003},
    title = {{Mitosis detection in breast cancer pathology images by combining handcrafted and convolutional neural network features}},
    volume = {1},
    year = {2014}
}

@article{TASHK2015,
    author = {Tashk, Ashkan and Helfroush, Mohammad Sadegh and Danyali, Habibollah and Akbarzadeh-jahromi, Mojgan},
    doi = {10.1016/j.apm.2015.01.051},
    journal = {Applied Mathematical Modelling},
    month = {oct},
    number = {20},
    pages = {6165--6182},
    title = {{Automatic detection of breast cancer mitotic cells based on the combination of textural, statistical and innovative mathematical features}},
    volume = {39},
    year = {2015}
}

@article{ZHANG2015,
    author = {Zhang, Xiaofan and Liu, Wei and Dundar, Murat and Badve, Sunil and Zhang, Shaoting},
    doi = {10.1109/TMI.2014.2361481},
    journal = {IEEE Transactions on Medical Imaging},
    number = {2},
    pages = {496--506},
    title = {{Towards large-scale histopathological image analysis: Hashing-based image retrieval}},
    volume = {34},
    year = {2015}
}

@article{LI2015,
    author = {Li, Xingyu and Plataniotis, Konstantinos N.},
    doi = {10.1117/12.2079935},
    journal = {Medical Imaging 2015: Digital Pathology},
    pages = {94200L},
    title = {{Color model comparative analysis for breast cancer diagnosis using H and E stained images}},
    volume = {9420},
    year = {2015}
}

@article{KHAN2015,
    author = {Khan, Adnan Mujahid and Sirinukunwattana, Korsuk and Rajpoot, Nasir},
    doi = {10.1109/JBHI.2015.2447008},
    journal = {IEEE Journal of Biomedical and Health Informatics},
    number = {5},
    pages = {1637--1647},
    title = {{A Global Covariance Descriptor for Nuclear Atypia Scoring in Breast Histopathology Images}},
    volume = {19},
    year = {2015}
}

@article{ZHANG2016,
    author = {Zhang, Xiaofan and Dou, Hang and Ju, Tao and Xu, Jun and Zhang, Shaoting},
    doi = {10.1109/JBHI.2015.2461671},
    journal = {IEEE Journal of Biomedical and Health Informatics},
    number = {5},
    pages = {1377--1383},
    title = {{Fusing Heterogeneous Features From Stacked Sparse Autoencoder for Histopathological Image Analysis}},
    volume = {20},
    year = {2016}
}

@inproceedings{BAYRANOGLU2016,
    author = {Bayramoglu, Neslihan and Kannala, Juho and Heikkila, Janne},
    booktitle = {23rd International Conference on Pattern Recognition},
    doi = {10.1109/ICPR.2016.7900002},
    month = {dec},
    pages = {2440--2445},
    publisher = {IEEE},
    title = {{Deep learning for magnification independent breast cancer histopathology image classification}},
    year = {2016}
}

@article{KORKMAZ2016,
    author = {Korkmaz, Sevcan Aytac and Korkmaz, Mehmet Fatih and Poyraz, Mustafa},
    doi = {10.1007/s11517-015-1361-0},
    journal = {Medical and Biological Engineering and Computing},
    month = {apr},
    number = {4},
    pages = {561--573},
    title = {{Diagnosis of breast cancer in light microscopic and mammographic images textures using relative entropy via kernel estimation}},
    volume = {54},
    year = {2016}
}

@article{BALAZSI2016,
    author = {Balazsi, Matthew and Blanco, Paula and Zoroquiain, Pablo and Levine, Martin D. and Burnier, Miguel N.},
    doi = {10.1117/1.jmi.3.2.027501},
    journal = {Journal of Medical Imaging},
    month = {may},
    number = {2},
    title = {{Invasive ductal breast carcinoma detector that is robust to image magnification in whole digital slides}},
    volume = {3},
    year = {2016}
}

@inproceedings{SPANHOL2016,
    author = {Spanhol, Fabio Alexandre and Oliveira, Luiz S. and Petitjean, Caroline and Heutte, Laurent},
    booktitle = {Proceedings of the International Joint Conference on Neural Networks},
    doi = {10.1109/IJCNN.2016.7727519},
    pages = {2560--2567},
    publisher = {Institute of Electrical and Electronics Engineers Inc.},
    title = {{Breast cancer histopathological image classification using Convolutional Neural Networks}},
    volume = {2016-Octob},
    year = {2016}
}

@article{XU2016,
    author = {Xu, Jun and Xiang, Lei and Liu, Qingshan and Gilmore, Hannah and Wu, Jianzhong and Tang, Jinghai and Madabhushi, Anant},
    doi = {10.1109/TMI.2015.2458702},
    journal = {IEEE Transactions on Medical Imaging},
    month = {jan},
    number = {1},
    pages = {119--130},
    title = {{Stacked sparse autoencoder (SSAE) for nuclei detection on breast cancer histopathology images}},
    volume = {35},
    year = {2016}
}

@article{KRAWCZYK2016,
    author = {Krawczyk, Bartosz and Galar, Mikel and Jele{\'{n}}, {\L}ukasz and Herrera, Francisco},
    doi = {10.1016/j.asoc.2015.08.060},
    journal = {Applied Soft Computing},
    month = {jan},
    pages = {714--726},
    title = {{Evolutionary undersampling boosting for imbalanced classification of breast cancer malignancy}},
    volume = {38},
    year = {2016}
}

@article{CHAN2016,
    author = {Chan, Alan and Tuszynski, Jack A.},
    doi = {10.1098/rsos.160558},
    journal = {Royal Society Open Science},
    month = {dec},
    number = {12},
    title = {{Automatic prediction of tumour malignancy in breast cancer with fractal dimension}},
    volume = {3},
    year = {2016}
}

@article{WAN2017b,
    author = {Wan, Tao and Cao, Jiajia and Chen, Jianhui and Qin, Zengchang},
    doi = {10.1016/j.neucom.2016.05.084},
    journal = {Neurocomputing},
    month = {mar},
    pages = {34--44},
    title = {{Automated grading of breast cancer histopathology using cascaded ensemble with combination of multi-level image features}},
    volume = {229},
    year = {2017}
}

@article{BEJNORDI2017,
    author = {Bejnordi, Babak Ehteshami and Zuidhof, Guido and Balkenhol, Maschenka and Hermsen, Meyke and Bult, Peter and van Ginneken, Bram and Karssemeijer, Nico and Litjens, Geert and van der Laak, Jeroen},
    doi = {10.1117/1.JMI.4.4.044504},
    journal = {Journal of Medical Imaging},
    month = {dec},
    number = {04},
    pages = {1},
    title = {{Context-aware stacked convolutional neural networks for classification of breast carcinomas in whole-slide histopathology images}},
    volume = {4},
    year = {2017}
}

@article{HAN2017,
    author = {Han, Zhongyi and Wei, Benzheng and Zheng, Yuanjie and Yin, Yilong and Li, Kejian and Li, Shuo},
    doi = {10.1038/s41598-017-04075-z},
    journal = {Scientific Reports},
    month = {dec},
    number = {1},
    pages = {4172},
    title = {{Breast Cancer Multi-classification from Histopathological Images with Structured Deep Learning Model}},
    volume = {7},
    year = {2017}
}

@article{PAN2017,
    author = {Pan, Xipeng and Li, Lingqiao and Yang, Huihua and Liu, Zhenbing and Yang, Jinxin and Zhao, Lingling and Fan, Yongxian},
    doi = {10.1016/j.neucom.2016.08.103},
    journal = {Neurocomputing},
    month = {mar},
    pages = {88--99},
    title = {{Accurate segmentation of nuclei in pathological images via sparse reconstruction and deep convolutional networks}},
    volume = {229},
    year = {2017}
}

@article{SPANHOL2017,
    author = {Spanhol, Fabio A. and Cavalin, Paulo R. and Oliveira, Luiz S. and Petitjean, Caroline and Heutte, Laurent},
    doi = {10.1109/SMC.2017.8122889},
    journal = {2017 IEEE International Conference on Systems, Man, and Cybernetics},
    pages = {1868--1873},
    title = {{Deep features for breast cancer histopathological image classification}},
    volume = {2017-Janua},
    year = {2017}
}

@article{ZHENG2017,
    author = {Zheng, Yushan and Jiang, Zhiguo and Xie, Fengying and Zhang, Haopeng and Ma, Yibing and Shi, Huaqiang and Zhao, Yu},
    doi = {10.1016/j.patcog.2017.05.010},
    journal = {Pattern Recognition},
    month = {nov},
    pages = {14--25},
    title = {{Feature extraction from histopathological images based on nucleus-guided convolutional neural network for breast lesion classification}},
    volume = {71},
    year = {2017}
}

@article{WAN2017a,
    author = {Wan, Tao and Zhang, Wanshu and Zhu, Min and Chen, Jianhui and Achim, Alin and Qin, Zengchang},
    doi = {10.1016/j.neucom.2017.01.008},
    journal = {Neurocomputing},
    month = {may},
    pages = {291--303},
    title = {{Automated mitosis detection in histopathology based on non-gaussian modeling of complex wavelet coefficients}},
    volume = {237},
    year = {2017}
}

@article{WAHAB2017,
    author = {Wahab, Noorul and Khan, Asifullah and Lee, Yeon Soo},
    doi = {10.1016/j.compbiomed.2017.04.012},
    journal = {Computers in Biology and Medicine},
    month = {jun},
    pages = {86--97},
    title = {{Two-phase deep convolutional neural network for reducing class skewness in histopathological images based breast cancer detection}},
    volume = {85},
    year = {2017}
}

@article{CRUZROA2018,
    author = {Cruz-Roa, Angel and Gilmore, Hannah and Basavanhally, Ajay and Feldman, Michael and Ganesan, Shridar and Shih, Natalie and Tomaszewski, John and Madabhushi, Anant and Gonz{\'{a}}lez, Fabio},
    doi = {10.1371/journal.pone.0196828},
    journal = {PLoS ONE},
    month = {may},
    number = {5},
    pages = {e0196828},
    title = {{High-throughput adaptive sampling for whole-slide histopathology image analysis (HASHI) via convolutional neural networks: Application to invasive breast cancer detection}},
    volume = {13},
    year = {2018}
}

@article{PAN2018,
    author = {Pan, Xipeng and Yang, Dengxian and Li, Lingqiao and Liu, Zhenbing and Yang, Huihua and Cao, Zhiwei and He, Yubei and Ma, Zhen and Chen, Yiyi},
    doi = {10.1007/s11280-017-0520-7},
    journal = {World Wide Web},
    month = {nov},
    number = {6},
    pages = {1721--1743},
    title = {{Cell detection in pathology and microscopy images with multi-scale fully convolutional neural networks}},
    volume = {21},
    year = {2018}
}

@article{FENG2018,
    author = {Feng, Yangqin and Zhang, Lei and Yi, Zhang},
    doi = {10.1007/s11548-017-1663-9},
    journal = {International Journal of Computer Assisted Radiology and Surgery},
    month = {feb},
    number = {2},
    pages = {179--191},
    title = {{Breast cancer cell nuclei classification in histopathology images using deep neural networks}},
    volume = {13},
    year = {2018}
}

@article{OLIVEIRA2018,
    author = {Oliveira, Luiz Eduardo and Heutte, Laurent and Honeine, Paul and Sudharshan, PJ J. and Spanhol, Fabio and Petitjean, Caroline and Spanhol, Fabio and Oliveira, Luiz Eduardo and Heutte, Laurent and Honeine, Paul},
    doi = {10.1016/j.eswa.2018.09.049},
    journal = {Expert Systems with Applications},
    month = {mar},
    pages = {103--111},
    title = {{Multiple instance learning for histopathological breast cancer image classification}},
    volume = {117},
    year = {2018}
}

@article{GUPTA2018,
    author = {Gupta, Vibha and Bhavsar, Arnav},
    doi = {10.1109/CVPRW.2018.00302},
    journal = {IEEE Computer Society Conference on Computer Vision and Pattern Recognition Workshops},
    pages = {2335--2342},
    title = {{Sequential modeling of deep features for breast cancer histopathological image classification}},
    volume = {2018-June},
    year = {2018}
}

@article{GANDOMKAR2018a,
    author = {Gandomkar, Ziba and Brennan, Patrick C. and Mello-Thoms, Claudia},
    doi = {10.1016/j.artmed.2018.04.005},
    journal = {Artificial Intelligence in Medicine},
    month = {jun},
    pages = {14--24},
    title = {{MuDeRN: Multi-category classification of breast histopathological image using deep residual networks}},
    volume = {88},
    year = {2018}
}

@article{SAHA2018a,
    author = {Saha, Monjoy and Chakraborty, Chandan and Racoceanu, Daniel},
    doi = {10.1016/j.compmedimag.2017.12.001},
    journal = {Computerized Medical Imaging and Graphics},
    month = {mar},
    pages = {29--40},
    title = {{Efficient deep learning model for mitosis detection using breast histopathology images}},
    volume = {64},
    year = {2018}
}

@article{FONDON2018,
    author = {Fond{\'{o}}n, Irene and Sarmiento, Auxiliadora and Garc{\'{i}}a, Ana Isabel and Silvestre, Mar{\'{i}}a and Eloy, Catarina and Pol{\'{o}}nia, Ant{\'{o}}nio and Aguiar, Paulo},
    doi = {10.1016/j.compbiomed.2018.03.003},
    journal = {Computers in Biology and Medicine},
    month = {may},
    pages = {41--51},
    title = {{Automatic classification of tissue malignancy for breast carcinoma diagnosis}},
    volume = {96},
    year = {2018}
}

@article{GANDOMKAR2018b,
    author = {Gandomkar, Ziba and Brennan, Patrick C. and Mello-Thoms, Claudia},
    doi = {10.1117/12.2318320},
    journal = {14th International Workshop on Breast Imaging},
    pages = {54},
    title = {{A framework for distinguishing benign from malignant breast histopathological images using deep residual networks}},
    year = {2018}
}

@article{BARDOU2018,
    author = {Bardou, Dalal and Zhang, Kun and Ahmad, Sayed Mohammad},
    doi = {10.1109/ACCESS.2018.2831280},
    journal = {IEEE Access},
    month = {jun},
    number = {6},
    pages = {24680--24693},
    title = {{Classification of Breast Cancer Based on Histology Images Using Convolutional Neural Networks}},
    volume = {6},
    year = {2018}
}

@article{ZHENG2018,
    author = {Zheng, Yushan and Jiang, Zhiguo and Zhang, Haopeng and Xie, Fengying and Ma, Yibing and Shi, Huaqiang and Zhao, Yu},
    doi = {10.1109/TMI.2018.2796130},
    journal = {IEEE Transactions on Medical Imaging},
    number = {7},
    pages = {1641--1652},
    title = {{Histopathological Whole Slide Image Analysis Using Context-Based CBIR}},
    volume = {37},
    year = {2018}
}

@article{LI2018,
    author = {Li, Chao and Wang, Xinggang and Liu, Wenyu and Latecki, Longin Jan},
    doi = {10.1016/j.media.2017.12.002},
    journal = {Medical Image Analysis},
    month = {apr},
    pages = {121--133},
    title = {{DeepMitosis: Mitosis detection via deep detection, verification and segmentation networks}},
    volume = {45},
    year = {2018}
}

@inproceedings{BAKER2018,
    author = {Baker, Qanita Bani and Zaitoun, Toqa Abu and Banat, Sajda and Eaydat, Eman and Alsmirat, Mohammad},
    booktitle = {15th International Conference on Computer Systems and Applications},
    doi = {10.1109/AICCSA.2018.8612799},
    month = {oct},
    pages = {1--5},
    publisher = {IEEE},
    title = {{Automated Detection of Benign and Malignant in Breast Histopathology Images}},
    url = {https://ieeexplore.ieee.org/document/8612799/},
    year = {2018}
}

@article{GECER2018,
    author = {Gecer, Baris and Aksoy, Selim and Mercan, Ezgi and Shapiro, Linda G. and Weaver, Donald L. and Elmore, Joann G.},
    doi = {10.1016/j.patcog.2018.07.022},
    journal = {Pattern Recognition},
    month = {dec},
    pages = {345--356},
    title = {{Detection and classification of cancer in whole slide breast histopathology images using deep convolutional networks}},
    volume = {84},
    year = {2018}
}


@article{XIE2019,
    author = {Xie, Juanying and Liu, Ran and Luttrell, Joseph and Zhang, Chaoyang},
    doi = {10.3389/fgene.2019.00080},
    journal = {Frontiers in Genetics},
    month = {feb},
    pages = {80},
    title = {{Deep Learning Based Analysis of Histopathological Images of Breast Cancer}},
    volume = {10},
    year = {2019}
}

@article{ROY2019,
    author = {Roy, Kaushiki and Banik, Debapriya and Bhattacharjee, Debotosh and Nasipuri, Mita},
    doi = {10.1016/j.compmedimag.2018.11.003},
    journal = {Computerized Medical Imaging and Graphics},
    month = {jan},
    pages = {90--103},
    title = {{Patch-based system for Classification of Breast Histology images using deep learning}},
    volume = {71},
    year = {2019}
}

@article{ALOM2019,
    author = {Alom, Md Zahangir and Yakopcic, Chris and Nasrin, Mst. Shamima and Taha, Tarek M. and Asari, Vijayan K.},
    doi = {10.1007/s10278-019-00182-7},
    journal = {Journal of Digital Imaging},
    keywords = {Breast cancer recognition,Computational pathology,DCNN,Deep learning,IRRCNN,Medical imaging},
    month = {feb},
    title = {{Breast Cancer Classification from Histopathological Images with Inception Recurrent Residual Convolutional Neural Network}},
    year = {2019}
}

@article{MITTAL2019,
    author = {Mittal, Himanshu and Saraswat, Mukesh},
    doi = {10.1016/j.swevo.2018.12.005},
    journal = {Swarm and Evolutionary Computation},
    pages = {15--32},
    title = {{An automatic nuclei segmentation method using intelligent gravitational search algorithm based superpixel clustering}},
    volume = {45},
    year = {2019}
}

@article{ALQUDAH2019,
    author = {Alqudah, Ali Mohammad Amin and Alqudah, Ali Mohammad Amin},
    doi = {10.1080/03772063.2019.1583610},
    journal = {IETE Journal of Research},
    month = {mar},
    pages = {1--9},
    title = {{Sliding Window Based Support Vector Machine System for Classification of Breast Cancer Using Histopathological Microscopic Images}},
    year = {2019}
}

@article{YAN2019,
    author = {Yan, Rui and Ren, Fei and Wang, Zihao and Wang, Lihua and Ren, Yubo and Liu, Yudong and Rao, Xiaosong and Zheng, Chunhou and Zhang, Fa},
    doi = {10.1109/BIBM.2018.8621429},
    journal = {IEEE International Conference on Bioinformatics and Biomedicine},
    pages = {957--962},
    title = {{A Hybrid Convolutional and Recurrent Deep Neural Network for Breast Cancer Pathological Image Classification}},
    year = {2019}
}

@article{MURTAZA2019,
    author = {Murtaza, Ghulam and Shuib, Liyana and Mujtaba, Ghulam and Raza, Ghulam},
    doi = {10.1007/s11042-019-7525-4},
    journal = {Multimedia Tools and Applications},
    month = {apr},
    title = {{Breast Cancer Multi-classification through Deep Neural Network and Hierarchical Classification Approach}},
    year = {2019}
}

@article{DAS2019,
    author = {Das, Dev Kumar and Dutta, Pranab Kumar},
    doi = {10.1016/j.compbiomed.2018.11.001},
    journal = {Computers in Biology and Medicine},
    month = {jan},
    number = {May 2018},
    pages = {29--42},
    title = {{Efficient automated detection of mitotic cells from breast histological images using deep convolution neutral network with wavelet decomposed patches}},
    volume = {104},
    year = {2019}
}

@article{GHAZVINIANZANJANI2019,
    author = {{Ghazvinian Zanjani}, Farhad and Zinger, Svitlana and Piepers, Bastian and Mahmoudpour, Saeed and Schelkens, Peter},
    doi = {10.1117/1.jmi.6.2.027501},
    journal = {Journal of Medical Imaging},
    number = {02},
    pages = {1},
    title = {{Impact of JPEG 2000 compression on deep convolutional neural networks for metastatic cancer detection in histopathological images}},
    volume = {6},
    year = {2019}
}

@article{VO2019,
    author = {Vo, Duc My and Nguyen, Ngoc Quang and Lee, Sang Woong},
    doi = {10.1016/j.ins.2018.12.089},
    journal = {Information Sciences},
    month = {may},
    pages = {123--138},
    title = {{Classification of breast cancer histology images using incremental boosting convolution networks}},
    volume = {482},
    year = {2019}
}

@article{SABEENABEEVI2019,
    author = {{Sabeena Beevi}, K. and Nair, Madhu S. and Bindu, G. R.},
    doi = {10.1016/j.bbe.2018.10.007},
    journal = {Biocybernetics and Biomedical Engineering},
    number = {1},
    pages = {214--223},
    title = {{Automatic mitosis detection in breast histopathology images using Convolutional Neural Network based deep transfer learning}},
    volume = {39},
    year = {2019}
}

@article{GUO2019,
    author = {Guo, Zichao and Liu, Hong and Ni, Haomiao and Wang, Xiangdong and Su, Mingming and Guo, Wei and Wang, Kuansong and Jiang, Taijiao and Qian, Yueliang},
    doi = {10.1038/s41598-018-37492-9},
    journal = {Scientific Reports},
    month = {dec},
    number = {1},
    pages = {882},
    title = {{A Fast and Refined Cancer Regions Segmentation Framework in Whole-slide Breast Pathological Images}},
    volume = {9},
    year = {2019}
}

@article{LI2019,
    author = {Li, Yuqian and Wu, Junmin and Wu, Qisong},
    doi = {10.1109/ACCESS.2019.2898044},
    journal = {IEEE Access},
    pages = {1--1},
    title = {{Classification of Breast Cancer Histology Images Using Multi-Size and Discriminative Patches Based on Deep Learning}},
    volume = {7},
    year = {2019}
}